% !Mode:: "TeX:UTF-8"

@article{1,
	author = "哈金才 and 李若雪 and 哈瑞",
	title = "魔方的数学模型研究及其应用",
	journal = "创新创业理论研究与实践",
	year = "2018",
	volume = "1",
	number = "19",
	pages = "83-86",
}

@article{2,
	title={Rubik's cube: A toy, a galois tool, group theory for everybody},
	author="{Zassenhaus H}",
	journal={Physica A: Statistical Mechanics and its Applications},
	volume={114},
	number={1-3},
	pages={629--637},
	year={1982},
	publisher={Elsevier}
}

@mastersthesis{3,
	author = {张霞},
	title = {校本教材《基于Arduino的智能机器人设计》的开发和实践研究},
	address = {重庆},
	school = {西南大学},
	year = {2021},
}

@article{4,
	author = "{王一帆,陈浩东,陈文秀,赵康荏,赵萍}",
	title = "基于机器视觉的智能魔方机器人研究综述",
	journal = "机械设计",
	year = "2019",
	volume = "36",
	number = "03",
	pages = "8-13",
}

@inproceedings{5,
	title={Twenty-six moves suffice for Rubik's cube},
	author="{Kunkle D , Cooperman G}",
	booktitle={Proceedings of the 2007 international symposium on Symbolic and algebraic computation},
	pages={235--242},
	year={2007}
}

@article{6,
	author = "{Rokicki T, Kociemba H, Davidson M, et al}",
	title = "The diameter of the Rubik's cube group is twenty",
	journal = "siam REVIEW",
	year = "2014",
	volume = "56",
	number = "4",
	pages = "645-670",
}

@article{7,
	title={Overview of Rubik’s cube and reflections on its application in mechanism},
	author="{Zeng D X, Li M, Wang J J, et al}",
	journal={Chinese Journal of Mechanical Engineering},
	volume={31},
	number={1},
	pages={1--12},
	year={2018},
	publisher={Springer}
}

@online{8,
	title = {Two-Phase Algorithm Details},
	author = "{Kociemba H}",
	citedate = {2022},
	year = {2015},
	URL = {http://kociemba.org/math/imptwophase.htm}
}

@inproceedings{9,
	author = "{Zhang L, Tian X, Xia S}",
	title = "A scrambling algorithm of image encryption based on Rubik's cube rotation and logistic sequence",
	booktitle = "2011 International conference on multimedia and signal processing",
	organization = "IEEE",
	volume = "1",
	year = "2011",
	pages = "312-315",
}

@article{10,
	author = "{卢桂萍,程开,罗泽奇,吴荣鑫,陈永键,康诗铄}",
	title = "基于Kociemba算法的双臂解魔方机器人还原算法研究",
	journal = "机电工程技术",
	year = "2021",
	volume = "50",
	number = "09",
	pages = "100-103",
}

@article{11,
	author = "{高达}",
	title = "基于STM32双臂魔方机器人的设计",
	journal = "电子产品世界",
	year = "2018",
	volume = "25",
	number = "11",
	pages = "51-53",
}


@article{12,
	author = "{郝崇清,过仕安,焦敏,马海港,于清超,赵宇洋}",
	title = "基于四臂协调控制的魔方还原系统设计与实现",
	journal = "河北工业科技",
	year = "2019",
	volume = "36",
	number = "04",
	pages = "278-286",
}

@article{13,
	title={魔方机器人硬件系统设计},
	author="{古长军, 张艳珠, 邓宣金, 杨志, 庞根蒂}",
	journal={电子制作},
	number={7},
	pages={81--81},
	year={2015}
}

@article{14,
	author = "{卢仕,张志文,张寅,万美琳}",
	title = "基于SoC FPGA异构平台的魔方快速还原系统设计与实现",
	journal = "计算机测量与控制",
	year = "2019",
	volume = "27",
	number = "06",
	pages = "213-217",
}


@mastersthesis{15,
	author = {胡鑫},
	title = {基于ARM9的嵌入式魔方机器人系统设计},
	address = {广东},
	school = {华南理工大学},
	year = {2021},
}


@article{16,
	author = "{盛庆华,杜永均,罗飞,李辰龙,何凯}",
	title = "基于STM32机械臂解魔方算法研究",
	journal = "实验室研究与探索",
	year = "2017",
	volume = "36",
	number = "04",
	pages = "29-32",
}

@article{17,
	author = "{李泽萱,滕旭阳,郑艺彬,唐日成,徐欢潇}",
	title = "基于Arduino的两臂解魔方机器人算法设计",
	journal = "电脑知识与技术",
	year = "2018",
	volume = "14",
	number = "17",
	pages = "248-250",
}

@mastersthesis{18,
	author = {田田},
	title = {解魔方气动组合机械手功能结构设计与系统分析},
	address = {山东},
	school = {济南大学},
	year = {2015},
}


@article{19,
	author = "{田田,徐林,赵洪华,昃向博}",
	title = "解魔方四爪机械手结构设计与操作",
	journal = "机器人技术与应用",
	year = "2014",
	//volume = "14",
	number = "05",
	pages = "38-39",
}

@article{20,
	author = "{董海阳,魏巍}",
	title = "类人四轴解魔方机器人的设计",
	journal = "电子技术与软件工程",
	year = "2013",
	number = "08",
	pages = "62",
}

@mastersthesis{21,
	author = {张雪娇},
	title = {智能魔方机器人的视觉感知与复原算法研究},
	address = {辽宁},
	school = {东北大学},
	year = {2011},
}

@inproceedings{22,
	title={Finding optimal solutions to Rubik's Cube using pattern databases},
	author="{Korf R E}",
	booktitle={AAAI/IAAI},
	pages={700--705},
	year={1997}
}

@article{23,
	title={Solving the Rubik’s cube with deep reinforcement learning and search},
	author="{Agostinelli F, McAleer S, Shmakov A,et al}",
	journal={Nature Machine Intelligence},
	volume={1},
	number={8},
	pages={356--363},
	year={2019},
	publisher={Nature Publishing Group}
}

@book{24,
	title={Adventures in group theory: Rubik's Cube, Merlin's machine, and other mathematical toys},
	author="{Joyner D}",
	year={2008},
	publisher={JHU Press}
}

@article{25,
	title={The rotation group of Rubik's cube},
	author="{Knill O, M{\"a}der R E}",
	journal={ACM Sigsam Bulletin},
	volume={21},
	number={3},
	pages={33--43},
	year={1987},
	publisher={ACM New York, NY, USA}
}

@article{26,
	title={步进电机闭环控制系统的研究与应用.},
	author="{夏斯权, 周亦敏, 杨一波, 黄松}",
	journal={机电工程},
	volume={34},
	number={12},
	pages={1446-1450},
	year={2017}
}

@article{27,
	title={Applications of the closed-loop stepping motor},
	author="{Fredriksen T}",
	journal={IEEE Transactions on Automatic Control},
	volume={13},
	number={5},
	pages={464--474},
	year={1968},
	publisher={IEEE}
}

@article{28,
	title={基于 Qt 的嵌入式水质检测系统界面软件设计},
	author={吴连港},
	journal={农业装备与车辆工程},
	volume={59},
	number={11},
	pages={140-142},
	year={2021}
}

@article{29,
	title={Arduino 串口通信控制系统的研究},
	author={乐万德 and 任静 and 刘舟洲 and 初建杰},
	journal={电子设计工程},
	volume={30},
	number={04},
	pages={69-73},
	year={2022}
}

@inproceedings{30,
	author = "{Zhang Y, Li W, Yang P}",
	title = "Shot Boundary Detection Based on HSV Color Model",
	booktitle = "2019 IEEE International Conference on Signal, Information and Data Processing (ICSIDP)",	organization = "IEEE",
	//volume = "1",
	year = "2019",
	pages = "1-4",
}


@inproceedings{31,
	author = "{Su C H, Chiu H S, Hsieh T M}",
	title = "An efficient image retrieval based on HSV color space",
	booktitle = "2011 International Conference on Electrical and Control Engineering",
	organization = "IEEE",
	//volume = "1",
	year = "2011",
	pages = "5746-5749",
}

@inproceedings{32,
	author = "{Fu Q, Zhang Y, Xu L, et al}",
	title = "A method of shot-boundary detection based on hsv space",
	booktitle = "2013 Ninth International Conference on Computational Intelligence and Security",
	organization = "IEEE",
	//volume = "1",
	year = "2013",
	pages = "219-223",
}

@inproceedings{33,
	author = "{Aqthobilrobbany A, Handayani A N, Lestari D, et al}",
	title = "HSV Based Robot Boat Navigation System",
	booktitle = "2020 International Conference on Computer Engineering, Network, and Intelligent Multimedia (CENIM)",
	organization = "IEEE",
	//volume = "1",
	year = "2020",
	pages = "269-273",
}

@mastersthesis{34,
	author = {王娟娟},
	title = {魔方机构的拓扑结构表示及其构态变换过程分析},
	address = {河北},
	school = {燕山大学},
	year = {2018},
}

@article{35,
	title={基于反复加深的学习式启发式搜索算法 Learning-IDA 和 Learning-PIDA},
	author={王士同},
	journal={计算机工程},
	number={S1},
	pages = {109-112},
	year={1995}
}

@article{36,
	title={IDA* 和边缘搜索算法的研究},
	author="{刘宏义, 王金宝}",
	journal={科技信息},
	number={30},
	pages={270--272},
	year={2011}
}

@article{37,
	title={深度优先搜索算法的应用研究},
	author="{王远敏}",
	journal={网络安全技术与应用},
	number={03},
	pages={40--42},
	year={2022}
}

@article{38,
	title={Heuristic search in restricted memory},
	author="{Chakrabarti P P, Ghose S, Acharya, A, et al}",
	journal={Artificial intelligence},
	volume={41},
	number={2},
	pages={197--221},
	year={1989},
	publisher={Elsevier}
}

@article{39,
	title={魔方按层求解算法设计},
	author={刘润川},
	journal={Computer Science and Application},
	volume={9},
	pages={406},
	year={2019},
	publisher={中文学术期刊, 汉斯出版社, Hans Publishers}
}

